
@book{2019-jurafsky-martin,
	author = {Jurafsky, Dan and Martin, James H.},
	title = {Speech and Language Processing},
	year = {2019},
	note = {\url{https://web.stanford.edu/~jurafsky/slp3/}},
}


@thesis{2017-djemaa,
	author = {Marianne Djemaa},
	title = {Stratégie Domaine Par Domaine Pour
	La Création d'un Framenet Du Français :
	Annotations en Corpus de Cadres et Rôles Sémantiques
	},
	type = {Thèse de doctorat de Linguistique Théorique, Descriptive et Automatique},
	institution = {Université Sorbonne Paris Cité},
	year = {2017},
}

@book{2002-russell-norvig,
	author = {Stuart J. Russell and Peter Norvig},
	title = {Artificial Intelligence: A Modern Approach},
	year = {2002},
	edition={2nd},
	publisher={Prentice Hall},
}

@book{2018-eisenstein,
	author = {Jacob Eisenstein},
	title = {Natural Language Processing},
	year = {2018},
}


@Misc{2020-cmu,
	author = {Alan W. Black and David R. Mortensen},
	title = {Compositional semantics, semantic parsing},
	howpublished = {Cours "Natural Language Processing F20"},
	year = {2020},
	note = {Carnegie Mellon University},
	annote = {\url{http://demo.clab.cs.cmu.edu/NLP/}},
}

@inproceedings{2013-banarescu-al,
	title = "{A}bstract {M}eaning {R}epresentation for Sembanking",
	author = "Banarescu, Laura  and
	Bonial, Claire  and
	Cai, Shu  and
	Georgescu, Madalina  and
	Griffitt, Kira  and
	Hermjakob, Ulf  and
	Knight, Kevin  and
	Koehn, Philipp  and
	Palmer, Martha  and
	Schneider, Nathan",
	booktitle = "Proceedings of the 7th Linguistic Annotation Workshop and Interoperability with Discourse",
	month = aug,
	year = "2013",
	address = "Sofia, Bulgaria",
	publisher = "Association for Computational Linguistics",
	url = "https://www.aclweb.org/anthology/W13-2322",
	pages = "178--186",
}