
@book{2019-jurafsky-martin,
	author = {Jurafsky, Dan and Martin, James H.},
	title = {Speech and Language Processing},
	year = {2019},
	note = {\url{https://web.stanford.edu/~jurafsky/slp3/}},
}

@book{2018-eisenstein,
	author = {Jacob Eisenstein},
	title = {Natural Language Processing},
	year = {2018},
	note = {\url{https://web.stanford.edu/~jurafsky/slp3/}},
}


@ARTICLE{1990-deerwester-al,
	author = {Scott Deerwester and Susan T. Dumais and George W. Furnas and Thomas K. Landauer and Richard Harshman},
	title = {Indexing by latent semantic analysis},
	journal = {JOURNAL OF THE AMERICAN SOCIETY FOR INFORMATION SCIENCE},
	year = {1990},
	volume = {41},
	number = {6},
	pages = {391--407}
}

@misc{2013-mikolov-al,
	title={Efficient Estimation of Word Representations in Vector Space},
	author={Tomas Mikolov and Kai Chen and Greg Corrado and Jeffrey Dean},
	year={2013},
	note={URL: \url{https://arxiv.org/abs/1301.3781}},
	eprint={1301.3781},
	archivePrefix={arXiv},
	primaryClass={cs.CL}
}

@inproceedings{2014-pennington-al,
	title = "{G}lo{V}e: Global Vectors for Word Representation",
	author = "Pennington, Jeffrey  and
	Socher, Richard  and
	Manning, Christopher",
	booktitle = "Proceedings of the 2014 Conference on Empirical Methods in Natural Language Processing ({EMNLP})",
	month = oct,
	year = "2014",
	address = "Doha, Qatar",
	publisher = "Association for Computational Linguistics",
	url = "https://www.aclweb.org/anthology/D14-1162",
	doi = "10.3115/v1/D14-1162",
	pages = "1532--1543",
}