
@book{2019-jurafsky-martin,
	author = {Jurafsky, Dan and Martin, James H.},
	title = {Speech and Language Processing},
	year = {2019},
	note = {\url{https://web.stanford.edu/~jurafsky/slp3/}},
}

@book{2018-eisenstein,
	author = {Jacob Eisenstein},
	title = {Natural Language Processing},
	year = {2018},
	note = {\url{https://web.stanford.edu/~jurafsky/slp3/}},
}

@Misc{2020-jurafsky,
	author = {Jurafsky, Dan},
	title = {Language Modeling},
	howpublished = {Cours "CS 124: From Languages to Information"},
	year = {2020},
	note = {Stanford University},
	OPTannote = {annote},
}

@Misc{2020-smith,
	author = {Noah Smith},
	title = {Neural Models},
	howpublished = {Cours "Natural Language Processing (CSE 517)"},
	year = {2020},
	note = {University of Washington},
	OPTannote = {annote},
}

@article {2003-bengio-al,
	author = {Yoshua Bengio and ReÃÅjean Ducharme annd Pascal Vincent and Christian Jauvin},
	title = {A neural probabilistic language model},
	journal = {Journal of Machine Learning Research},
	year = {2003},
	note = {URL: \url{http://www.jmlr.org/papers/volume3/bengio03a/bengio03a.pdf}},
}