@book{2019-jurafsky-martin,
	author = {Jurafsky, Dan and Martin, James H.},
	title = {Speech and Language Processing},
	year = {2019},
	note = {\url{https://web.stanford.edu/~jurafsky/slp3/}},
}

@book{2018-eisenstein,
	author = {Jacob Eisenstein},
	title = {Natural Language Processing},
	year = {2018},
}

@article{2006-Cornish,
	author = {Francis Cornish},
	title = {Relations de cohérence en discours : critères de reconnaissance, caractérisation et articulation cohésion-cohérence},
	journaltitle = {Corela [Online]},
	year = {2006},
	doi = {https://doi.org/10.4000/corela.1456},
}
